@Book{hyndman2018,
  title = {Forecasting: Priciples and Practice},
  author = {Rob Hyndman and George Athanasopoulos},
  publisher = {OTexts},
  year = {2018},
}

@Book{hyndman2008,
  title = {Forecasting with Exponential Smoothing: the State Space Approach},
  author = {{Rob Hyndman, Anne Koehler, Keith Ord and Ralph Snyder}},
  publisher = {Springer},
  year = {2008}
}

@Book{cho2015,
  title = {시계열분석},
  author = {{조신섭 $\cdot$ 손영숙 $\cdot$ 성병찬}},
  publisher = {율곡출판사},
  year = {2015}
}

@Book{park2020,
  title = {R과 통계분석},
  author = {박동련},
  publisher = {자유아카데미},
  year = {2020}
  }
  
@Book{hadley2016,
  title = {R for Data Science},
  author = {Hadley Wickham and Garrett Grolemund},
  publisher = {O'Reilly},
  year = {2016}
}

@Book{paul2009,
  title = {Introductory Time Series with R},
  author = {Paul Cowpertwait and Andrew Metcalfe},
  publisher = {Springer},
  year = {2009}
}